<?xml version="1.0" encoding="UTF-8"?><collection xmlns="http://www.loc.gov/MARC21/slim"><record><leader>00600nam--2200193-i-4500</leader><controlfield tag="001">000020560</controlfield><controlfield tag="002">20161230</controlfield><controlfield tag="005">20161230201033</controlfield><controlfield tag="008">060222s1000------------r-----000-0-eng-d</controlfield><datafield ind1=" " ind2=" " tag="020"><subfield code="a">0750300450</subfield></datafield><datafield ind1=" " ind2=" " tag="040"><subfield code="a">IFIN-HH</subfield></datafield><datafield ind1=" " ind2=" " tag="080"><subfield code="a">530.1</subfield></datafield><datafield ind1="1" ind2=" " tag="100"><subfield code="a">Squires, Euan</subfield></datafield><datafield ind1="1" ind2="0" tag="245"><subfield code="a">Conscious mind in the physical world</subfield><subfield code="c">Euan squires</subfield></datafield><datafield ind1=" " ind2=" " tag="260"><subfield code="a">Bristol</subfield><subfield code="b">Adam Hilger</subfield><subfield code="c">1990</subfield></datafield><datafield ind1=" " ind2=" " tag="300"><subfield code="a">252 P</subfield></datafield><datafield ind1=" " ind2=" " tag="500"><subfield code="a">Doubt Thou The Stars Are Fire;/Doubt That The Sun Doth Move;/Doubt Truth To Be A Liar;/ But Never Doubt I Love (Shakespeare, Hamlet)</subfield></datafield><datafield ind1=" " ind2=" " tag="852"><subfield code="a">80408</subfield><subfield code="c">53.01</subfield></datafield><datafield ind1=" " ind2=" " tag="CAT"><subfield code="a">Sys</subfield><subfield code="c">20151014</subfield><subfield code="h">124059</subfield></datafield></record></collection>